@misc{url-optsIPv4,
    title = "Liste options",
    note  = {{\small\url{http://www.iana.org/assignments/ip-parameters/ip-parameters.xhtml}}, 
            Internet Protocol Version 4 (IPv4) Parameters}
}
